<?xml version="1.0" encoding="UTF-8"?><record xmlns="http://www.loc.gov/MARC21/slim" xmlns:cinclude="http://apache.org/cocoon/include/1.0" xmlns:zs="http://www.loc.gov/zing/srw/">
  <leader>00412nz  a2200121n  4500</leader>
  <controlfield tag="001">nr 94041161 </controlfield>
  <controlfield tag="003">DLC</controlfield>
  <controlfield tag="005">19941208061340.1</controlfield>
  <controlfield tag="008">941206n| acannaab|          |n aaa     c</controlfield>
  <datafield tag="010" ind1=" " ind2=" ">
    <subfield code="a">nr 94041161 </subfield>
  </datafield>
  <datafield tag="040" ind1=" " ind2=" ">
    <subfield code="a">NjP</subfield>
    <subfield code="c">NjP</subfield>
  </datafield>
  <datafield tag="100" ind1="1" ind2="0">
    <subfield code="a">Levasti, Arrigo,</subfield>
    <subfield code="d">1886-1973</subfield>
  </datafield>
  <datafield tag="670" ind1=" " ind2=" ">
    <subfield code="a">I grandi mistici, c1993:</subfield>
    <subfield code="b">t.p. (Arrigo Levasti) cover p. 4 (b. in April, 1886 in Modena, Italy; d. in April 1973 in Florence; wrote on spirituality)</subfield>
  </datafield>
</record>